@article{billio2003,
title = "Contagion and interdependence in stock markets: Have they been misdiagnosed?",
journal = "Journal of Economics and Business",
volume = "55",
number = "5",
pages = "405 - 426",
year = "2003",
note = "Globalization in the New Millennium: Evidence on Financial and Economic Integration",
issn = "0148-6195",
doi = "https://doi.org/10.1016/S0148-6195(03)00048-1",
url = "http://www.sciencedirect.com/science/article/pii/S0148619503000481",
author = "Monica Billio and Loriana Pelizzon",
keywords = "Contagion, Stock market crises, International financial markets"
}

@book{markovitz1959,
ISBN = "9780300013726",
URL = "http://www.jstor.org/stable/j.ctt1bh4c8h",
author = "Harry M. Markowitz",
publisher = "Yale University Press",
title = "Portfolio Selection: Efficient Diversification of Investments",
year = "1959"
}

@article{engle2012,
	author = "Robert   Engle  and  Bryan   Kelly",
	title = "Dynamic Equicorrelation",
	journal = "Journal of Business \& Economic Statistics",
	volume = "30",
	number = "2",
	pages = "212-228",
	year  = "2012",
	publisher = "Taylor & Francis",
	doi = "10.1080/07350015.2011.652048",
	URL = "https://doi.org/10.1080/07350015.2011.652048",
	eprint = "https://doi.org/10.1080/07350015.2011.652048"
}

@article{bucciol2006,
	title = "Optimal asset allocation based on utility maximization in the presence of market frictions",
	author = "Bucciol Alessandro and Miniaci Raffaele",
	year = "2006",
	institution = "Dipartimento di Scienze Economiche Marco Fanno",
	number = "0012",
	url = "https://EconPapers.repec.org/RePEc:pad:wpaper:0012"
}

@book{lorenz2008thesis,
	title="Optimal Trading Algorithms: Portfolio Transactions, Multiperiod Portfolio Selection, and Competitive Online Search",
	author="Lorenz, J.M.",
	url="https://books.google.ru/books?id=WHXMSAAACAAJ",
	year="2008",
	publisher="ETH"
}

@book{neumann1944,
	year = "1944",
	publisher = "Princeton University Press",
	author = "John Neumann and Oskar Morgenstern",
	title = "Theory of Games and Economic Behavior",
	url = "https://archive.org/details/in.ernet.dli.2015.215284"
}

@article{koutmos2012,
	doi = {10.5430/afr.v1n2p109},
	url = {https://doi.org/10.5430%2Fafr.v1n2p109},
	year = 2012,
	month = {jun},
	publisher = {Sciedu Press},
	volume = {1},
	number = {2},
	author = {Dimitrios Koutmos},
	title = {Time-Varying Behavior of Stock Prices, Volatility Dynamics and Beta Risk in Industry Sector Indices of the Shanghai Stock Exchange},
	journal = {Accounting and Finance Research}
}

@article{dumas1998,
	doi = {10.1111/0022-1082.00083},
	url = {https://doi.org/10.1111%2F0022-1082.00083},
	year = 1998,
	month = {dec},
	publisher = {Wiley-Blackwell},
	volume = {53},
	number = {6},
	pages = {2059--2106},
	author = {Bernard Dumas and Jeff Fleming and Robert E. Whaley},
	title = {Implied Volatility Functions: Empirical Tests},
	journal = {The Journal of Finance}
}

@article{vaga1990,
	doi = {10.2469/faj.v46.n6.36},
	url = {https://doi.org/10.2469%2Ffaj.v46.n6.36},
	year = 1990,
	month = {nov},
	publisher = {{CFA} Institute},
	volume = {46},
	number = {6},
	pages = {36--49},
	author = {Tonis Vaga},
	title = {The Coherent Market Hypothesis},
	journal = {Financial Analysts Journal}
}

@article{oral2017,
	doi = {10.1142/s2424786317500402},
	url = {https://doi.org/10.1142%2Fs2424786317500402},
	year = 2017,
	month = {dec},
	publisher = {World Scientific Pub Co Pte Lt},
	volume = {04},
	number = {04},
	pages = {1750040},
	author = {Emrah Oral and Gazanfer Unal},
	title = {Dynamic correlation of Eastern and Western markets and forecasting: Scale-by-scale wavelet-based approach},
	journal = {International Journal of Financial Engineering}
}

article{salazar1982,
	doi = {10.1016/0304-4076(82)90055-0},
	url = {https://doi.org/10.1016%2F0304-4076%2882%2990055-0},
	year = 1982,
	month = {may},
	publisher = {Elsevier {BV}},
	volume = {19},
	number = {1},
	pages = {147--163},
	author = {Diego Salazar},
	title = {Structural changes in time series models},
	journal = {Journal of Econometrics}
}

@article{ghahramani2001,
	doi = {10.1142/s0218001401000836},
	url = {https://doi.org/10.1142%2Fs0218001401000836},
	year = 2001,
	month = {feb},
	publisher = {World Scientific Pub Co Pte Lt},
	volume = {15},
	number = {01},
	pages = {9--42},
	author = {Zoubin Ghahramani},
	title = {An introduction to hidden markov models and Bayesian networks},
	journal = {International Journal of Pattern Recognition and Artificial Intelligence}
}

@article{engle1982,
	doi = {10.2307/1912773},
	url = {https://doi.org/10.2307%2F1912773},
	year = 1982,
	month = {jul},
	publisher = {{JSTOR}},
	volume = {50},
	number = {4},
	pages = {987},
	author = {Robert F. Engle},
	title = {Autoregressive Conditional Heteroscedasticity with Estimates of the Variance of United Kingdom Inflation},
	journal = {Econometrica}
}

@article{han2016,
	doi = {10.1109/jstsp.2016.2570738},
	url = {https://doi.org/10.1109%2Fjstsp.2016.2570738},
	year = 2016,
	month = {sep},
	publisher = {Institute of Electrical and Electronics Engineers ({IEEE})},
	volume = {10},
	number = {6},
	pages = {1015--1028},
	author = {Jianan Han and Xiao-Ping Zhang and Fang Wang},
	title = {Gaussian Process Regression Stochastic Volatility Model for Financial Time Series},
	journal = {{IEEE} Journal of Selected Topics in Signal Processing}
}